% Encoding: UTF-8

@Online{Costello2021,
  author       = {Costello, Katie and Rimol, Meghan},
  date         = {2021-02-16},
  editor       = {Gartner},
  title        = {Gartner Forecasts Worldwide Low-Code Development Technologies Market to Grow 23\% in 2021},
  url          = {https://www.gartner.com/en/newsroom/press-releases/2021-02-15-gartner-forecasts-worldwide-low-code-development-technologies-market-to-grow-23-percent-in-2021},
  language     = {english},
  organization = {Gartner},
  urldate      = {2022-12-07},
}

@Thesis{Spitaels2022,
  author      = {Spitaels, Jarne},
  date        = {2022},
  institution = {Hogeschool Gent},
  title       = {De verschillen tussen Citrix Podio en concurrerende online business management platformen: een vergelijkende studie},
  type        = {resreport},
  url         = {https://scriptie.hogent.be/2021-2022/1019_201968589_PBA-TIN_scriptie.pdf},
  urldate     = {2022-12-07},
  abstract    = {Bachelorproef die in een vergelijkende studie, het cloud-based business management platform genaamd Citrix Podio bespreekt, de functionaliteiten van dit platform en het platform gaat vergelijken met andere gelijkaardige platformen.},
}

@Online{Airtable,
  author  = {Airtable},
  title   = {Why Airtable?},
  url     = {https://www.airtable.com/guides/start/what-is-airtable},
  urldate = {2022-12-13},
}

@Online{AppSheet2020,
  date    = {2020},
  editor  = {Google AppSheet},
  title   = {The fastest way to build apps and automate work},
  url     = {https://about.appsheet.com/home/},
  urldate = {2022-12-10},
}

@Online{QuivvyPodio,
  editor  = {Quivvy},
  title   = {What Is Citrix Podio?},
  url     = {https://quivvy.com/citrix-podio},
  urldate = {2022-12-09},
}

@Online{QuivvyAbout,
  editor  = {Quivvy},
  title   = {About Us},
  url     = {https://quivvy.com/about-us},
  urldate = {2023-02-12},
}

@Online{QuivvySoftware,
  editor = {Quivvy},
  title  = {Software op maat},
  url    = {https://quivvy.com/nl/software},
}

@Online{Tasmia2022,
  author       = {Ansari Tasmia},
  date         = {2022-11-25},
  editor       = {AIM},
  title        = {10 Low-Code/No-Code Platforms Every Developer Should Know of},
  url          = {https://analyticsindiamag.com/10-low-code-no-code-platforms-every-developer-should-know-of/},
  organization = {Analytics India Mag},
  urldate      = {2023-02-14},
}

@Online{Brown2022,
  author       = {Hayley Brown},
  date         = {2022-10-07},
  editor       = {Cyclr},
  title        = {Low-Code is revolutionising the software industry: what type is dominating?},
  url          = {https://cyclr.com/blog/low-code-is-revolutionising-the-software-industry},
  organization = {Cyclr},
  urldate      = {2023-02-13},
}

@Online{Podio,
  editor  = {Citrix Podio},
  title   = {All you need to know about Podio.},
  url     = {https://podio.com/site/tour},
  urldate = {2023-02-14},
}

@Online{CFI2022,
  date         = {2022-11-26},
  editor       = {CFI},
  title        = {Centralization, An organizational setup wherein the decision-making authority is concentrated at the top},
  url          = {https://corporatefinanceinstitute.com/resources/management/centralization/},
  organization = {Corporate Finance Institute},
  urldate      = {2023-02-15},
}

@Article{Bock2021,
  author       = {Alexander C. Bock and Ulrich Frank},
  date         = {2021-11},
  journaltitle = {Business {\&}amp$\mathsemicolon$ Information Systems Engineering},
  title        = {Low-Code Platform},
  doi          = {10.1007/s12599-021-00726-8},
  number       = {6},
  pages        = {733--740},
  volume       = {63},
  publisher    = {Springer Science and Business Media {LLC}},
}

@Article{Waszkowski2019,
  author       = {Robert Waszkowski},
  date         = {2019},
  journaltitle = {IFAC-PapersOnLine},
  title        = {Low-code platform for automating business processes in manufacturing},
  doi          = {https://doi.org/10.1016/j.ifacol.2019.10.060},
  issn         = {2405-8963},
  note         = {13th IFAC Workshop on Intelligent Manufacturing Systems IMS 2019},
  number       = {10},
  pages        = {376-381},
  url          = {https://www.sciencedirect.com/science/article/pii/S2405896319309152},
  volume       = {52},
  abstract     = {The low-code platform enables quick generation and delivery of business applications with minimum effort to write in a coding language and requires the least possible effort for the installation and configuration of environments, and training and implementation. With a rapidly growing number of companies, the use of low-code solutions can be a significant step forward in creating essential business applications. This paper describes the use of the Aurea BPM low-code platform for automating business processes in manufacturing.},
  keywords     = {Low-code platform, Aurea BPM, manufacturing, business processes, process automation},
}

@Comment{jabref-meta: databaseType:biblatex;}
